@article{lehmann2015dbpedia,
  title={DBpedia--a large-scale, multilingual knowledge base extracted from Wikipedia},
  author={Lehmann, Jens and Isele, Robert and Jakob, Max and Jentzsch, Anja and Kontokostas, Dimitris and Mendes, Pablo N and Hellmann, Sebastian and Morsey, Mohamed and Van Kleef, Patrick and Auer, S{\"o}ren and others},
  journal={Semantic Web},
  volume={6},
  number={2},
  pages={167--195},
  year={2015},
  publisher={IOS Press}
}
@article{wohlgenannt2016crowd,
  title={Crowd-based ontology engineering with the ucomp protege plugin},
  author={Wohlgenannt, Gerhard and Sabou, Marta and Hanika, Florian},
  journal={Semantic Web},
  volume={7},
  number={4},
  pages={379--398},
  year={2016},
  publisher={IOS Press}
}
@article{hoffmann2010context,
  title={Context-based matching revisited},
  author={Hoffmann, Patrick and D'Aquin, Mathieu and Euzenat, J{\'e}r{\^o}me and Le Duc, Chan and Sabou, Marta and Scharffe, Fran{\c{c}}ois},
  year={2010}
}
@inproceedings{sabou2008scarlet,
  title={SCARLET: semantic relation discovery by harvesting online ontologies},
  author={Sabou, Marta and d’Aquin, Mathieu and Motta, Enrico},
  booktitle={European Semantic Web Conference},
  pages={854--858},
  year={2008},
  organization={Springer}
}
@article{hoffner2016survey,
  title={Survey on challenges of Question Answering in the Semantic Web},
  author={H{\"o}ffner, Konrad and Walter, Sebastian and Marx, Edgard and Usbeck, Ricardo and Lehmann, Jens and Ngonga Ngomo, Axel-Cyrille},
  journal={Semantic Web},
  number={Preprint},
  pages={1--26},
  year={2016},
  publisher={IOS Press}
}
@article{harris2013sparql,
  title={SPARQL 1.1 query language},
  author={Harris, Steve and Seaborne, Andy and Prud’hommeaux, Eric},
  journal={W3C recommendation},
  volume={21},
  number={10},
  year={2013}
}
@inproceedings{yuen2011survey,
  title={A survey of crowdsourcing systems},
  author={Yuen, Man-Ching and King, Irwin and Leung, Kwong-Sak},
  booktitle={Privacy, Security, Risk and Trust (PASSAT) and 2011 IEEE Third Inernational Conference on Social Computing (SocialCom), 2011 IEEE Third International Conference on},
  pages={766--773},
  year={2011},
  organization={IEEE}
}
