@article{wohlgenannt2016,
	title={Crowd-based ontology engineering with the ucomp prot\'eg\'e plugin},
	author={Wohlgenannt, Gerhard and Sabou, Marta and Hanika, Florian},
	journal={Semantic Web},
	volume={7},
	number={4},
	pages={379--398},
	year={2016},
	publisher={IOS Press}
}
@inbook{fuchs2008,
	author="Fuchs, Norbert E. and Kaljurand, Kaarel and Kuhn, Tobias",
	editor="Baroglio, Cristina and Bonatti, Piero A. and Ma{\l}uszy{\'{n}}ski, Jan and Marchiori, Massimo and Polleres, Axel and Schaffert, Sebastian",
	title="Attempto Controlled English for Knowledge Representation",
	bookTitle="Reasoning Web: 4th International Summer School 2008, Venice, Italy, September 7-11, 2008, Tutorial Lectures",
	year="2008",
	publisher="Springer Berlin Heidelberg",
	address="Berlin, Heidelberg",
	pages="104--124",
	doi="10.1007/978-3-540-85658-0_3",
	url="https://doi.org/10.1007/978-3-540-85658-0_3"
}