@article{liu2005semi,
title={Semi-automatic ontology extension using spreading activation},
author={Liu, Wei and Weichselbraun, Albert and Scharl, Arno and Chang, Elizabeth},
journal={Journal of Universal Knowledge Management},
volume={1},
number={1},
pages={50--58},
year={2005},
publisher={Know Center and Graz University of Technology}
}
@unpublished{soton265735,
month = {July},
type = {Project Report},
title = {Controlled Natural Languages and the Semantic Web},
author = {Paul R Smart},
publisher = {s.n.},
year = {2008},
keywords = {ontologies, semantic web, owl, rdf, controlled natural languages, natural language interfaces, semantic querying, ontology verbalization, ontology editors, ontology engineering, knowledge engineering},
url = {https://eprints.soton.ac.uk/265735/}
}
@article{sarasua2015crowdsourcing,
title={Crowdsourcing and the Semantic Web: A research manifesto},
author={Sarasua, Christina and Simperl, Elena and Noy, Natasha and Bernstein, Abraham and Leimeister, Jan Marco},
journal={Human Computation (HCOMP)},
volume={2},
number={1},
pages={3--17},
year={2015}
}
@Inbook{fuchs2008,
author="Fuchs, Norbert E. and Kaljurand, Kaarel and Kuhn, Tobias",
editor="Baroglio, Cristina and Bonatti, Piero A. and Ma{\l}uszy{\'{n}}ski, Jan and Marchiori, Massimo and Polleres, Axel and Schaffert, Sebastian",
title="Attempto Controlled English for Knowledge Representation",
bookTitle="Reasoning Web: 4th International Summer School 2008, Venice, Italy, September 7-11, 2008, Tutorial Lectures",
year="2008",
publisher="Springer Berlin Heidelberg",
address="Berlin, Heidelberg",
pages="104--124",
doi="10.1007/978-3-540-85658-0_3",
url="https://doi.org/10.1007/978-3-540-85658-0_3"
}
@Article{stevens2011,
author="Stevens, Robert and Malone, James and Williams, Sandra and Power, Richard and Third, Allan",
title="Automating generation of textual class definitions from OWL to English",
journal="Journal of Biomedical Semantics",
year="2011",
month="May",
day="17",
volume="2",
number="2",
pages="S5",
issn="2041-1480",
doi="10.1186/2041-1480-2-S2-S5",
url="https://doi.org/10.1186/2041-1480-2-S2-S5"
}

